@IEEEtranBSTCTL{bstctl:etal,
  CTLuse_forced_etal = {yes},
  CTLmax_names_forced_etal = {3},
}

@IEEEtranBSTCTL{bstctl:nodash,
  CTLdash_repeated_names = {no},
}

@IEEEtranBSTCTL{bstctl:simpurl,
  CTLname_url_prefix = {Available: },
}

@book{lamport94,
    author    = "Leslie Lamport",
    title     = "{\LaTeX: A Document Preparation System}",
    year      = "1994",
    publisher = "Addison-Wesley",
    edition = "2nd",
    address   = "Reading, Massachusetts"
}

@inproceedings{nicepaper,
  author = "Firstname1 Lastname1 and Firstname2 Lastname2",
  title = "A Very Nice Paper To Cite",
  year = "2000",
  booktitle = "International Conference on Parallel Architectures and Compilation Techniques"
}

@inproceedings{nicepaper2,
  author = "Firstname1 Lastname1 and Firstname2 Lastname2",
  title = "Another Very Nice Paper To Cite",
  year = "2001",
  booktitle = "International Conference on Parallel Architectures and Compilation Techniques"
}

@INPROCEEDINGS{R:1, 
author={S. Che and M. Boyer and J. Meng and D. Tarjan and J. W. Sheaffer and S. H. Lee and K. Skadron}, 
booktitle={Workload Characterization, 2009. IISWC 2009. IEEE International Symposium on}, 
title={Rodinia: A benchmark suite for heterogeneous computing}, 
year={2009}, 
pages={44-54}, 
keywords={parallel programming;Berkeleys dwarf taxonomy;Rodinia-a benchmark suite;data layout;heterogeneous computing;memory-bandwidth limitation;multicore CPU platform;multicore GPU platform;parallel communication pattern;parallel program;power consumption;synchronization technique;Application software;Benchmark testing;Central Processing Unit;Computer architecture;Energy consumption;Kernel;Microprocessors;Multicore processing;Parallel processing;Yarn}, 
doi={10.1109/IISWC.2009.5306797}, 
month={Oct},}

@techreport{R:2,
author = {Stratton, John A. and Rodrigrues, Christopher and Sung, I-Jui and Obeid, Nady and Chang, Liwen and Liu, Geng and Hwu, Wen-Mei W.},
title = {Parboil: A Revised Benchmark Suite for Scientific and Commercial Throughput Computing},
institution = {University of Illinois at Urbana-Champaign},
number = {IMPACT-12-01},
address = {Urbana},
year = {2012},
month = mar
}

@inproceedings{R:3,
 author = {Danalis, Anthony and Marin, Gabriel and McCurdy, Collin and Meredith, Jeremy S. and Roth, Philip C. and Spafford, Kyle and Tipparaju, Vinod and Vetter, Jeffrey S.},
 title = {The Scalable Heterogeneous Computing (SHOC) Benchmark Suite},
 booktitle = {Proceedings of the 3rd Workshop on General-Purpose Computation on Graphics Processing Units},
 series = {GPGPU-3},
 year = {2010},
 isbn = {978-1-60558-935-0},
 location = {Pittsburgh, Pennsylvania, USA},
 pages = {63--74},
 numpages = {12},
 doi = {10.1145/1735688.1735702},
 acmid = {1735702},
 publisher = {ACM},
 address = {New York, NY, USA},
 keywords = {GPGPU, benchmarking, graphics processors, performance},
}

@inproceedings{R:4,
 author = {Bienia, Christian and Kumar, Sanjeev and Singh, Jaswinder Pal and Li, Kai},
 title = {The PARSEC Benchmark Suite: Characterization and Architectural Implications},
 booktitle = {Proceedings of the 17th International Conference on Parallel Architectures and Compilation Techniques},
 series = {PACT '08},
 year = {2008},
 isbn = {978-1-60558-282-5},
 location = {Toronto, Ontario, Canada},
 pages = {72--81},
 numpages = {10},
 doi = {10.1145/1454115.1454128},
 acmid = {1454128},
 publisher = {ACM},
 address = {New York, NY, USA},
 keywords = {benchmark suite, multithreading, performance measurement, shared-memory computers},
}

@article{R:5,
 author = {Henning, John L.},
 title = {SPEC CPU2006 Benchmark Descriptions},
 journal = {SIGARCH Comput. Archit. News},
 issue_date = {September 2006},
 volume = {34},
 number = {4},
 month = sep,
 year = {2006},
 issn = {0163-5964},
 pages = {1--17},
 numpages = {17},
 doi = {10.1145/1186736.1186737},
 acmid = {1186737},
 publisher = {ACM},
 address = {New York, NY, USA},
}

@article{R:6,
 author = {Dagum, Leonardo and Menon, Ramesh},
 title = {OpenMP: An Industry-Standard API for Shared-Memory Programming},
 journal = {IEEE Comput. Sci. Eng.},
 issue_date = {January 1998},
 volume = {5},
 number = {1},
 month = jan,
 year = {1998},
 issn = {1070-9924},
 pages = {46--55},
 numpages = {10},
 doi = {10.1109/99.660313},
 acmid = {615542},
 publisher = {IEEE Computer Society Press},
 address = {Los Alamitos, CA, USA},
}

@article{R:7,
 author = {Stone, John E. and Gohara, David and Shi, Guochun},
 title = {OpenCL: A Parallel Programming Standard for Heterogeneous Computing Systems},
 journal = {IEEE Des. Test},
 issue_date = {May 2010},
 volume = {12},
 number = {3},
 month = may,
 year = {2010},
 issn = {0740-7475},
 pages = {66--73},
 numpages = {8},
 doi = {10.1109/MCSE.2010.69},
 acmid = {1803953},
 publisher = {IEEE Computer Society Press},
 address = {Los Alamitos, CA, USA},
}

@inproceedings{R:8,
 author = {You, Yang and Fu, Haohuan and Huang, Xiaomeng and Song, Guojie and Gan, Lin and Yu, Wenjian and Yang, Guangwen},
 title = {Accelerating the 3D Elastic Wave Forward Modeling on GPU and MIC},
 booktitle = {Proceedings of the 2013 IEEE 27th International Symposium on Parallel and Distributed Processing Workshops and PhD Forum},
 series = {IPDPSW '13},
 year = {2013},
 isbn = {978-0-7695-4979-8},
 pages = {1088--1096},
 numpages = {9},
 doi = {10.1109/IPDPSW.2013.216},
 acmid = {2510987},
 publisher = {IEEE Computer Society},
 address = {Washington, DC, USA},
 keywords = {forward-model, stencil, Kepler, Knights-Corner},
}

@INPROCEEDINGS{R:9, 
author={G. Teodoro and T. Kurc and Jun Kong and L. Cooper and J. Saltz}, 
booktitle={Parallel and Distributed Processing Symposium, 2014 IEEE 28th International}, 
title={Comparative Performance Analysis of Intel (R) Xeon Phi (TM), GPU, and CPU: A Case Study from Microscopy Image Analysis}, 
year={2014}, 
pages={1063-1072}, 
keywords={biological tissues;feature extraction;graphics processing units;image segmentation;medical image processing;microscopy;multiprocessing systems;object detection;parallel processing;performance evaluation;CPU;CPU-MIC systems;GPU;Intel Xeon Phi;MIC architectures;comparative performance analysis;data access pattern idenitification;data computation pattern identification;efficiency 84 percent;feature computation;feature computation category;first-come-first-served strategy;high resolution sensors;image datasets;low-dimensional spatial dataset analysis;many integrated core architectures;microscopy image analysis;microscopy scanners;object characterization;object detection;object extraction;object segmentation;performance aware task strategy;random data access;regular data access;scheduling application operations;slide tissue specimens;Graphics processing units;Image analysis;Image segmentation;Instruction sets;Microscopy;Microwave integrated circuits;Vegetation}, 
doi={10.1109/IPDPS.2014.111}, 
ISSN={1530-2075}, 
month={May},}

@article{R:10,
title = "Multi-Kepler \{GPU\} vs. multi-Intel \{MIC\} for spin systems simulations ",
journal = "Computer Physics Communications ",
volume = "185",
number = "10",
pages = "2495 - 2503",
year = "2014",
note = "",
issn = "0010-4655",
doi = "http://dx.doi.org/10.1016/j.cpc.2014.05.026",
author = "M. Bernaschi and M. Bisson and F. Salvadore",
keywords = "Spin systems",
keywords = "Many core",
keywords = "Asynchronous communication "
}

@article{R:11,
 author = {Lee, Victor W. and Kim, Changkyu and Chhugani, Jatin and Deisher, Michael and Kim, Daehyun and Nguyen, Anthony D. and Satish, Nadathur and Smelyanskiy, Mikhail and Chennupaty, Srinivas and Hammarlund, Per and Singhal, Ronak and Dubey, Pradeep},
 title = {Debunking the 100X GPU vs. CPU Myth: An Evaluation of Throughput Computing on CPU and GPU},
 journal = {SIGARCH Comput. Archit. News},
 issue_date = {June 2010},
 volume = {38},
 number = {3},
 month = jun,
 year = {2010},
 issn = {0163-5964},
 pages = {451--460},
 numpages = {10},
 doi = {10.1145/1816038.1816021},
 acmid = {1816021},
 publisher = {ACM},
 address = {New York, NY, USA},
 keywords = {cpu architecture, gpu architecture, performance analysis, performance measurement, software optimization, throughput computing},
}

@INPROCEEDINGS{R:12, 
author={A. Abdullah and K. K. Yong and E. K. Karuppiah and P. K. Chong}, 
booktitle={Open Systems (ICOS), 2014 IEEE Conference on}, 
title={Multi keyword range search in GPU and MIC: A comparison study}, 
year={2014}, 
pages={117-122}, 
keywords={data handling;data structures;graphics processing units;information retrieval;multiprocessing systems;performance evaluation;text analysis;GPU;Intel MIC;Intel Xeon Phi 5100;NVIDIA K20c;NVIDIA K40;central processing unit;coprocessors;data structure;data unstructure;graphic processing unit;huge data handling;multicores CPU;multikeyword range search;multitext keyword search algorithms;Algorithm design and analysis;Computer architecture;Graphics processing units;Instruction sets;Kernel;Microwave integrated circuits;Random access memory;GPU;Kepler;MIC;Performance;Searching}, 
doi={10.1109/ICOS.2014.7042640}, 
month={Oct},}

@article{R:13,
 author = {Williams, Samuel and Waterman, Andrew and Patterson, David},
 title = {Roofline: An Insightful Visual Performance Model for Multicore Architectures},
 journal = {Commun. ACM},
 issue_date = {April 2009},
 volume = {52},
 number = {4},
 month = apr,
 year = {2009},
 issn = {0001-0782},
 pages = {65--76},
 numpages = {12},
 doi = {10.1145/1498765.1498785},
 acmid = {1498785},
 publisher = {ACM},
 address = {New York, NY, USA},
}

@article{R:14,
 author = {Hong, Sunpyo and Kim, Hyesoon},
 title = {An Analytical Model for a GPU Architecture with Memory-level and Thread-level Parallelism Awareness},
 journal = {SIGARCH Comput. Archit. News},
 issue_date = {June 2009},
 volume = {37},
 number = {3},
 month = jun,
 year = {2009},
 issn = {0163-5964},
 pages = {152--163},
 numpages = {12},
 doi = {10.1145/1555815.1555775},
 acmid = {1555775},
 publisher = {ACM},
 address = {New York, NY, USA},
 keywords = {GPU architecture, analytical model, cuda, memory level parallelism, performance estimation, warp level parallelism},
}

@inproceedings{R:15,
 author = {David, Howard and Gorbatov, Eugene and Hanebutte, Ulf R. and Khanna, Rahul and Le, Christian},
 title = {RAPL: Memory Power Estimation and Capping},
 booktitle = {Proceedings of the 16th ACM/IEEE International Symposium on Low Power Electronics and Design},
 series = {ISLPED '10},
 year = {2010},
 isbn = {978-1-4503-0146-6},
 location = {Austin, Texas, USA},
 pages = {189--194},
 numpages = {6},
 doi = {10.1145/1840845.1840883},
 acmid = {1840883},
 publisher = {ACM},
 address = {New York, NY, USA},
 keywords = {DRAM memory, measurements, power},
} 

@ONLINE{R:16,
author = {Nvidia},
title = {NVML API Reference Guide},
year = {2015},
url = {http://docs.nvidia.com/deploy/nvml-api/index.html}
}

@ONLINE{R:17,
author = {Taylor.K},
title = {Intel Xeon Phi coprocessor power management configuration},
year = {2014},
url = {https://software.intel.com/en-us/blogs/2014/01/31/intel-xeon-phi-coprocessor-power-management-configuration}
}

@ONLINE{R:18,
author = {Intel},
title = {IPMI Intelligent Platform Management Interface},
year = {2013},
url = {http://www.intel.com/content/dam/www/public/us/en/documents/product-briefs/ipmi-second-gen-interface-spec-v2-rev1-1.pdf}
}


@ONLINE{R:19,
author = {Al Danial},
title = {CLOC},
year = {2016},
url = {http://cloc.sourceforge.net}
}

@techreport{R:20,
 author = {Forum, Message P},
 title = {MPI: A Message-Passing Interface Standard},
 year = {1994},
 source = {http://www.ncstrl.org:8900/ncstrl/servlet/search?formname=detail\&id=oai\%3Ancstrlh\%3Autk_cs\%3Ancstrl.utk_cs\%2F\%2FUT-CS-94-230},
 publisher = {University of Tennessee},
 address = {Knoxville, TN, USA},
} 

@ONLINE{R:21,
author = {NVIDIA},
title = {CUDA},
year = {2007},
url = {http://www.nvidia.com/object/cuda_home_new.html}
}

@article{R:22,
      author         = "Halyo, V. and LeGresley, P. and Lujan, P. and Karpusenko,
                        V. and Vladimirov, A.",
      title          = "{First Evaluation of the CPU, GPGPU and MIC Architectures
                        for Real Time Particle Tracking based on Hough Transform
                        at the LHC}",
      journal        = "JINST",
      volume         = "9",
      year           = "2014",
      pages          = "P04005",
      doi            = "10.1088/1748-0221/9/04/P04005",
      eprint         = "1310.7556",
      archivePrefix  = "arXiv",
      primaryClass   = "physics.comp-ph",
      SLACcitation   = "%%CITATION = ARXIV:1310.7556;%%"
}




@ARTICLE{R:24, 
author={Wei Huang and S. Ghosh and S. Velusamy and K. Sankaranarayanan and K. Skadron and M. R. Stan}, 
journal={IEEE Transactions on Very Large Scale Integration (VLSI) Systems}, 
title={HotSpot: a compact thermal modeling methodology for early-stage VLSI design}, 
year={2006}, 
volume={14}, 
number={5}, 
pages={501-513}, 
keywords={VLSI;electronics packaging;integrated circuit design;thermal analysis;HotSpot;compact thermal modeling;early stage VLSI design;popular stacked layer packaging scheme;preregister transfer level;presynthesis thermal analysis;self heating power;CMOS technology;Integrated circuit modeling;Large scale integration;Packaging;Performance analysis;Power system interconnection;Power system modeling;Silicon;Temperature distribution;Very large scale integration;Compact thermal model;VLSI;early design stages;interconnect self-heating;temperature}, 
doi={10.1109/TVLSI.2006.876103}, 
ISSN={1063-8210}, 
month={May},}

@article{R:25,
title = "A general method applicable to the search for similarities in the amino acid sequence of two proteins ",
journal = "Journal of Molecular Biology ",
volume = "48",
number = "3",
pages = "443 - 453",
year = "1970",
note = "",
issn = "0022-2836",
doi = "http://dx.doi.org/10.1016/0022-2836(70)90057-4",
author = "Saul B. Needleman and Christian D. Wunsch"
}

@article {R:26,
author = {Corrigan, Andrew and Camelli, Fernando F. and Löhner, Rainald and Wallin, John},
title = {Running unstructured grid-based CFD solvers on modern graphics hardware},
journal = {International Journal for Numerical Methods in Fluids},
volume = {66},
number = {2},
publisher = {John Wiley & Sons, Ltd.},
issn = {1097-0363},
doi = {10.1002/fld.2254},
pages = {221--229},
keywords = {unstructured grids, graphics hardware},
year = {2011},
}

@inproceedings{nguyen2007sloc,
  title={A SLOC counting standard},
  author={Nguyen, Vu and Deeds-Rubin, Sophia and Tan, Thomas and Boehm, Barry},
  booktitle={COCOMO II Forum},
  volume={2007},
  year={2007}
}

@techreport{asanovic2006landscape,
  title={The landscape of parallel computing research: A view from berkeley},
  author={Asanovic, Krste and Bodik, Ras and Catanzaro, Bryan Christopher and Gebis, Joseph James and Husbands, Parry and Keutzer, Kurt and Patterson, David A and Plishker, William Lester and Shalf, John and Williams, Samuel Webb and others},
  year={2006},
  institution={Technical Report UCB/EECS-2006-183, EECS Department, University of California, Berkeley}
}

@article{rotem2012power,
  title={Power-management architecture of the intel microarchitecture code-named sandy bridge},
  author={Rotem, Efraim and Naveh, Alon and Ananthakrishnan, Avinash and Weissmann, Eliezer and Rajwan, Doron},
  journal={IEEE Micro},
  volume={2},
  number={32},
  pages={20--27},
  year={2012}
}


@article{halyo2014first,
  title={First evaluation of the CPU, GPGPU and MIC architectures for real time particle tracking based on Hough transform at the LHC},
  author={Halyo, V and LeGresley, Patrick and Lujan, P and Karpusenko, V and Vladimirov, A},
  journal={Journal of Instrumentation},
  volume={9},
  number={04},
  pages={P04005},
  year={2014},
  publisher={IOP Publishing}
}

@inproceedings{andrade2014efficient,
  title={Efficient execution of microscopy image analysis on cpu, gpu, and MIC equipped cluster systems},
  author={Andrade, Guilherme and Ferreira, Renato and Teodoro, George and Rocha, Leonardo and Saltz, Joel H and Kurc, Tahsin},
  booktitle={Computer Architecture and High Performance Computing (SBAC-PAD), 2014 IEEE 26th International Symposium on},
  pages={89--96},
  year={2014},
  organization={IEEE}
}

@inproceedings{bernaschi2014multi,
  title={Multi-Kepler GPU vs. multi-intel MIC: A two test case performance study},
  author={Bernaschi, Massimo and Salvadore, Francesco},
  booktitle={High Performance Computing \& Simulation (HPCS), 2014 International Conference on},
  pages={1--8},
  year={2014},
  organization={IEEE}
}


